@Book{Rappaport2024,
  author    = {Rappaport, Theodore S},
  publisher = {Cambridge University Press},
  title     = {Wireless communications: principles and practice},
  year      = {2024},
}

@Article{Bellalta2016,
  author    = {Bellalta, Boris},
  journal   = {IEEE wireless communications},
  title     = {IEEE 802.11 ax: High-efficiency WLANs},
  year      = {2016},
  number    = {1},
  pages     = {38--46},
  volume    = {23},
  publisher = {IEEE},
}

@Article{Huang2021,
  author    = {Huang, Miaona and Chen, Jun and Feng, Suili},
  journal   = {IEEE Transactions on Vehicular Technology},
  title     = {Synchronization for OFDM-based satellite communication system},
  year      = {2021},
  number    = {6},
  pages     = {5693--5702},
  volume    = {70},
  publisher = {IEEE},
}

@Article{Pan2021,
  author    = {Pan, Jing and Shan, Hangguan and Li, Rongpeng and Wu, Yingxiao and Wu, Weihua and Quek, Tony QS},
  journal   = {IEEE Communications Letters},
  title     = {Channel estimation based on deep learning in vehicle-to-everything environments},
  year      = {2021},
  number    = {6},
  pages     = {1891--1895},
  volume    = {25},
  publisher = {IEEE},
}

@Article{Chun2019,
  author    = {Chun, Chang-Jae and Kang, Jae-Mo and Kim, Il-Min},
  journal   = {IEEE Wireless Communications Letters},
  title     = {Deep learning-based channel estimation for massive MIMO systems},
  year      = {2019},
  number    = {4},
  pages     = {1228--1231},
  volume    = {8},
  publisher = {IEEE},
}

@InProceedings{Hampton2008,
  author       = {Hampton, Jerry R and Cruz, Manuel A and Merheb, Naim M and Hammons, A Roger and Paunil, Douglas E and Ouyang, Feng},
  booktitle    = {MILCOM 2008-2008 IEEE Military Communications Conference},
  title        = {MIMO channel measurements for urban military applications},
  year         = {2008},
  organization = {IEEE},
  pages        = {1--7},
}

@InProceedings{Demetri2019,
  author    = {Demetri, Silvia and Z{\'u}{\~n}iga, Marco and Picco, Gian Pietro and Kuipers, Fernando and Bruzzone, Lorenzo and Telkamp, Thomas},
  booktitle = {Proceedings of the 18th International Conference on Information Processing in Sensor Networks},
  title     = {Automated estimation of link quality for LoRa: A remote sensing approach},
  year      = {2019},
  pages     = {145--156},
}

@Article{Soltani2019,
  author    = {Soltani, Mehran and Pourahmadi, Vahid and Mirzaei, Ali and Sheikhzadeh, Hamid},
  journal   = {IEEE Communications Letters},
  title     = {Deep learning-based channel estimation},
  year      = {2019},
  number    = {4},
  pages     = {652--655},
  volume    = {23},
  publisher = {IEEE},
}

@Comment{jabref-meta: databaseType:bibtex;}
